<record><leader>00000cas a22000007a 4500</leader><controlfield tag="001">18386268</controlfield><controlfield tag="008">880822d18791880ohudn ne      0    0eng d</controlfield><datafield ind1=" " ind2=" " tag="010"><subfield code="a">sn 88077804 </subfield></datafield><datafield ind1=" " ind2=" " tag="040"><subfield code="a">ONP</subfield><subfield code="b">eng</subfield><subfield code="c">ONP</subfield><subfield code="d">NVK</subfield><subfield code="d">OCLCQ</subfield><subfield code="d">OCLCF</subfield><subfield code="d">OCLCO</subfield></datafield><datafield ind1="1" ind2=" " tag="029"><subfield code="a">AU@</subfield><subfield code="b">000020519558</subfield></datafield><datafield ind1=" " ind2=" " tag="042"><subfield code="a">msc</subfield></datafield><datafield ind1=" " ind2=" " tag="043"><subfield code="a">n-us-oh</subfield></datafield><datafield ind1="0" ind2="0" tag="245"><subfield code="a">Columbus Democrat and Ohio statesman.</subfield></datafield><datafield ind1="1" ind2=" " tag="246"><subfield code="i">Issues for Jan. 13, 1880, called:</subfield><subfield code="a">Columbus democrat</subfield></datafield><datafield ind1=" " ind2=" " tag="260"><subfield code="a">Columbus, O. [Ohio :</subfield><subfield code="b">s.n.],</subfield><subfield code="c">1879-1880.</subfield></datafield><datafield ind1=" " ind2=" " tag="310"><subfield code="a">Daily (except Sun.),</subfield><subfield code="b">Dec. 1, 1879-Mar. 13, 1880</subfield></datafield><datafield ind1=" " ind2=" " tag="321"><subfield code="a">Daily,</subfield><subfield code="b">July 18, 1879-Nov. 29, 1879</subfield></datafield><datafield ind1="0" ind2=" " tag="362"><subfield code="a">Vol. 1, no. 229 (July 18, 1879)-v. 52, no. 55 (Mar. 13, 1880).</subfield></datafield><datafield ind1=" " ind2=" " tag="580"><subfield code="a">Weekly ed.: Ohio statesman (Columbus, Ohio : 1873).</subfield></datafield><datafield ind1=" " ind2="0" tag="651"><subfield code="a">Columbus (Ohio)</subfield><subfield code="v">Newspapers.</subfield></datafield><datafield ind1=" " ind2="7" tag="655"><subfield code="a">Newspapers.</subfield><subfield code="2">fast</subfield><subfield code="0">(OCoLC)fst01423814</subfield></datafield><datafield ind1=" " ind2="7" tag="651"><subfield code="a">Ohio</subfield><subfield code="z">Columbus.</subfield><subfield code="2">fast</subfield><subfield code="0">(OCoLC)fst01205076</subfield></datafield><datafield ind1=" " ind2=" " tag="752"><subfield code="a">United States</subfield><subfield code="b">Ohio</subfield><subfield code="c">Franklin</subfield><subfield code="d">Columbus.</subfield></datafield><datafield ind1="1" ind2=" " tag="775"><subfield code="t">Ohio statesman (Columbus, Ohio : 1873)</subfield><subfield code="w">(DLC)sn 88077826</subfield></datafield><datafield ind1="0" ind2="4" tag="780"><subfield code="t">Columbus Democrat (Columbus, Ohio : 1878 : Daily)</subfield><subfield code="w">(DLC)sn 84028652</subfield></datafield><datafield ind1="0" ind2="4" tag="780"><subfield code="t">Daily Ohio statesman (Columbus, Ohio : 1876)</subfield><subfield code="w">(DLC)sn 84028651</subfield></datafield><datafield ind1="0" ind2="0" tag="785"><subfield code="t">Daily times and Ohio statesman</subfield><subfield code="w">(DLC)sn 87070315</subfield></datafield></record>